% Notas Imporantes:
% Poner una diagonal investida antes de los siguientes caracteres: #, $, %, ^, &, {, }, ~, [, ], <, >, _
% Caso Particuloar: Diagonal Invertida (\) sustituir por (\textbackslash) y dejar un espacio
% Ver enlace:

@misc{MachineLearning,
author = {Ibm.com},
title = {¿Qué es machine learning (ML)?},
year = {2024},
howpublished = "\url{https://www.emprendepyme.net/que-es-un-sistema-de-informacion.html}"
}

@misc{Datasets,
author = {Ironhack.com},
year = {2024},
title = {Una guía sobre datasets: qué son, cómo se utilizan y dónde encontrarlos.},
howpublished = "\url{https://www.ironhack.com/es/blog/una-guia-sobre-datasets-que-son-como-se-utilizan-y-donde-encontrarlos}"
}

@misc{DOF,
author = {DOF},
year = {2024},
title = {Diario Oficial de la Federación},
howpublished = "\url{https://dof.gob.mx/nota_detalle.php?codigo=4689468&fecha=05/10/1981}",
}

@misc{Normas,
author = {de Salud},
year = {2024},
title = {Normas Oficiales Mexicanas. Gob.Mx.},
howpublished = "\url{https://www.gob.mx/salud/en/documentos/normas-oficiales-mexicanas-9705}",
}

@misc{IA,
author = {Ríos, infobae},
year = {2024},
title = {Estudia Tiny Machine Learning y mejora tu perfil profesional en IA para ganar más dinero.},
howpublished = "\url{https://www.infobae.com/tecno/2024/06/17/estudia-tiny-machine-learning-y-mejora-tu-perfil-profesional-en-ia-para-ganar-mas-dinero/}",
}

@misc{ModeloColor,
author = {Trost},
year = {2024},
title = {Modelos de Color: HSV. Stefan Trost.},
howpublished = "\url{https://es.sttmedia.com/modelo-de-color-hsv}",
}

@misc{EdgeImpulse,
author = {330ohms},
year = {2024},
title = {¿Qué es Edge Impulse? 330ohms.},
howpublished = "\url{https://www.330ohms.com/blogs/blog/que-es-edge-impulse?srsltid=AfmBOorlS07fdvwB3YEpKFiIcNuXga3Gs60bE7qdQvT3r93BZ5gfNRqo}"
}

@misc{ProduccionLimon,
author = {Intagri.com},
year = {2024},
title = {La Producción de Limón en México},
howpublished = "\url{https://www.intagri.com/articulos/frutales/la-produccion-de-limon-en-mexico}"
}

@misc{Frutas,
author = {Gob.Hn.},
year = {2024},
title = {Guías Tecnológicas de frutas y vegetales},
howpublished = "\url{https://dicta.gob.hn/files/2005\,-El-cultivo-del-limon-persa\,-G.pdf}"
}

@misc{Vision,
author = {FACULTAD DE INGENIERÍA. Edu.Pe},
year = {2024},
title = {DESARROLLO DE UN SISTEMA DE VISIÓN ARTIFICIAL PARA REALIZAR UNA CLASIFICACIÓN UNIFORME DE LIMONES},
howpublished = "\url{https://repositorio.upn.edu.pe/bitstream/handle/11537/13118/Del\%20Castillo\%20Huaccha\%20Eduardo.pdf?sequence=1\&isAllowed=y}"
}

@misc{SistemaSeleccion,
author = {Herrera-Aguilar, I. and Sandoval-González, O. O. and Malagón González, F. and Águila-Rodríguez, G. and González-Sánchez, B. E. and Flores-Cuautle, J. J. A.},
year = {2024},
title = { Sistema automático de selección de limón (Citrus Latifolia Tanaka) basado en discriminación por color. Tecnológico Nacional de México - Instituto Tecnológico de Orizaba},
howpublished = "\url{https://dicta.gob.hn/files/2005,-El-cultivo-del-limon-persa,-G.pdf}"}

%----------------------------
